@book{Yoshizawa,
	author = {Akira Yoshizawa},
	title = {Atarashi origami geijutsu},
	publisher = {Origami Geijutsu-Sha},
	address = {Tokyo},
	year = {1954},
	note = {no ISBN }
}

@book{Dix04,
	author = {Dix, Alan and Finlay, Janet E. and Abowd, Gregory D. and Beale, Russell},
	title = {Human-Computer Interaction},
	edition = {3.},
	publisher = {Pearson Education Limited},
	address = {Essex, England},
	year = {2004},
	note = {ISBN 0-13-046109-1}
}

@book{Pre94,
	author = {Preece, Jenny et al.},
	title = {Human-Computer Interaction},
	edition = {1.},
	publisher = {Addison-Wesley Longman Limited},
	address = {Essex, England},
	year = {1994},
	note = {ISBN 0-201-62769-8}
}

@misc{Lang,
	author = {Robert J. Lang},
	title = {ORIGAMI DIAGRAMMING CONVENTIONS},
	year = {2011},
	note = {\url{http://www.langorigami.com/article/origami-diagramming-conventions}}
}
