@book{Yoshizawa,
	author = {Akira Yoshizawa},
	title = {Atarashi origami geijutsu},
	publisher = {Origami Geijutsu-Sha},
	address = {Tokyo},
	year = {1954},
	note = {no ISBN }
}

@book{Dix04,
	author = {Dix, Alan and Finlay, Janet E. and Abowd, Gregory D. and Beale, Russell},
	title = {Human-Computer Interaction},
	edition = {3.},
	publisher = {Pearson Education Limited},
	address = {Essex, England},
	year = {2004},
	note = {ISBN 0-13-046109-1}
}

@book{Pre94,
	author = {Preece, Jenny et al.},
	title = {Human-Computer Interaction},
	edition = {1.},
	publisher = {Addison-Wesley Longman Limited},
	address = {Essex, England},
	year = {1994},
	note = {ISBN 0-201-62769-8}
}

@misc{W3C04,
	author = {{W3C World Wide Web Consortium; Booth, David (Hrsg.) et al.}},
	title = {Web Services Architecture - W3C Working Group Note 11 February},
	year = {2004},
	note = {\url{http://www.w3.org/TR/ws-arch/}. Sichtung: 27.06.2008}
}

